@booklet{carlen,
	author       = {Carlen, Eric A.},
	title        = {Multivariable Calculus},
	year         = {2019},
	month        = {8},
}

@book{hubbard,
        author       = {Hubbard, John H. and Hubbard, Barbara Burke},
	title        = {Vector Calculus, Linear Algebra, and Differential Equations: A Unified Approach},
	publisher    = {Matrix Editions},
	year = {2015},
	isbn = {9780971576681},
}